@misc{tet,
title = {{At 25, Tetris still eyeing growth - Reuters}},
url = {https://www.reuters.com/article/us-videogames-tetris/at-25-tetris-still-eyeing-growth-idUSTRE5510V020090602},
urldate = {2020-03-19}
}
@book{Sutton2018,
address = {Cambridge, Massachusetts},
author = {{Richard S. Sutton} and {Andrew G. Barto}},
isbn = {9780262039246},
publisher = {MIT Press},
title = {{Reinforcement Learning}},
year = {2018}
}
@misc{alphago,
title = {{AlphaGo | DeepMind}},
url = {https://deepmind.com/research/case-studies/alphago-the-story-so-far},
urldate = {2020-03-22}
}
